@phdthesis{Shivers,
	title = {Control-Flow Analysis of Higher-Order Languages},
	subtitle = {Taming Lambdas},
	author = {Olin Shivers},
	year = {1991},
	publisher = {Carnegie Mellon University},
	abstract = {representing the official policies, either expressed or implied, of ONR or the U.S. Government.},
	url = {http://citeseerx.ist.psu.edu/viewdoc/summary?doi=10.1.1.75.2777},
}
