@string{TUM="Department of Informatics, Technical University of Munich"}
@string{JFP="Journal of Functional Programming"}

@phdthesis{Shivers,
	title = {Control-Flow Analysis of Higher-Order Languages},
	subtitle = {Taming Lambdas},
	author = {Olin Shivers},
	year = {1991},
	publisher = {Carnegie Mellon University},
	abstract = {representing the official policies, either expressed or implied, of ONR or the U.S. Government.},
	url = {http://citeseerx.ist.psu.edu/viewdoc/summary?doi=10.1.1.75.2777},
}


@incollection {pretty,
   author = {Hughes, John},
   affiliation = {Chalmers Tekniska Högskola Göteborg Sweden Göteborg Sweden},
   title = {The design of a pretty-printing library},
   booktitle = {Advanced Functional Programming},
   series = {Lecture Notes in Computer Science},
   editor = {Jeuring, Johan and Meijer, Erik},
   publisher = {Springer Berlin / Heidelberg},
   isbn = {},
   pages = {53-96},
   volume = {925},
   url = {http://dx.doi.org/10.1007/3-540-59451-5_3},
   year = {1995}
}

@Misc{HPDF,
  author = {Christophe Favergeon},
  title = {{HPDF: Generation of PDF documents}},
  howpublished = {\url{http://hackage.haskell.org/package/HPDF-1.4.2}},
  year = {2009},
  month = {February},
  version = {1.4.2},
  keywords = {Haskell, Graphics},
  subtype = {program},
}


@Misc{Graphviz,
	Title = {{Graphviz -- DOT and DOTTY}},
	Note = {Version 2.26.3},
	howpublished = {\url{http://www.graphviz.org/}}
}

@Misc{i3p,
	Author = {Holger Gast},
	Title = {{i3p}},
	Note = {Version 1.0.8},
	howpublished = {\url{http://www-pu.informatik.uni-tuebingen.de/i3p/}}
}

@Misc{pdftk,
	Author = {Sid Steward},
	Title = {{pdftk -- the pdf toolkit}},
	Note = {Version 1.41},
	howpublished = {\url{http://www.pdflabs.com/tools/pdftk-the-pdf-toolkit/}}
}


@misc{isabelle,
	title = {{Isabelle: A Generic Theorem Proving Environment}},
	note = {Version 2009-2},
	howpublished = {\url{http://isabelle.in.tum.de/}}
}

@manual{isabelle-function,
  author        = {Alexander Krauss},
  title         = {Defining Recursive Functions in {Isabelle/HOL}},
  institution   = TUM,
  note          = {\url{http://isabelle.in.tum.de/doc/functions.pdf}}
}

@article{HOLCF,
author= {Olaf M{\"u}ller and Tobias Nipkow and Oheimb, David von and Oscar Slotosch},
title={{HOLCF = HOL + LCF}},journal=JFP,year=1999,volume=9,pages={191--223}}

@phdthesis{wasserrab,
  title = {From Formal Semantics to Verified Slicing - A Modular Framework with Applications in Language Based Security},
  year = {2010},
  month = {October},
  author = {Daniel Wasserrab},
  school = {Karlsruher Institut f\"ur Technologie, Fakult\"at f\"ur Informatik},
}

@article{jinja,author={Gerwin Klein and Tobias Nipkow},
title={A Machine-Checked Model for a {Java}-Like Language, Virtual Machine and Compiler},
journal=TOPLAS,volume = {28}, number = {4}, year = {2006}, pages = {619--695},
doi = {http://doi.acm.org/10.1145/1146809.1146811}}

